
@book{schildberg_politische_2010,
	location = {Wiesbaden},
	edition = {1. Aufl},
	title = {Politische Identität und soziales Europa: Parteikonzeptionen und Bürgereinstellungen in Deutschland, Grossbritannien und Polen},
	shorttitle = {Politische Identität und soziales Europa},
	pagetotal = {360},
	publisher = {{VS} Verlag für Sozialwissenschaften},
	author = {Schildberg, Cäcilie},
	date = {2010},
	keywords = {European Union countries, Germany, Great Britain, Identity politics, Poland, Political parties, Social policy, Welfare state}
}


@incollection{weichbold_eurobarometer_2009,
	location = {Wiesbaden},
	title = {Eurobarometer und die Konstruktion eines europäischen Bewusstseins},
	isbn = {978-3-531-16319-2, 978-3-531-91852-5},
	url = {http://link.springer.com/10.1007/978-3-531-91852-5_26},
	pages = {539--552},
	booktitle = {Umfrageforschung},
	publisher = {{VS} Verlag für Sozialwissenschaften},
	author = {Pausch, Markus},
	editor = {Weichbold, Martin and Bacher, Johann and Wolf, Christof},
	urldate = {2015-05-17},
	date = {2009},
	langid = {german},
	keywords = {Eurobarometer, europäische Öffentlichkeit}
}


@collection{grozelier_roadmap_2013,
	title = {Roadmap to a Social Europe},
	editor = {Grozelier, Anne-Marie and Hacker, Björn and Kowalsky, Wolfgang and Meyer, Henning and Unger, Brigitte},
	date = {2013}
}


@incollection{grozelier_democracy_2013_habermas,
	title = {Democracy, Solidarity And the European Crisis},
	pages = {4 -- 13},
	booktitle = {Roadmap to a Social Europe},
	author = {Habermas, Jürgen},
	editor = {Grozelier, Anne-Marie and Hacker, Björn and Kowalsky, Wolfgang and Meyer, Henning and Unger, Brigitte},
	date = {2013}
}

@incollection{grozelier_europes_2013_hill,
	title = {Europe’s Democracy Deficit: Putting Some Meat On The Bones Of Habermas’ Critique},
	pages = {37 -- 43},
	booktitle = {Roadmap to a Social Europe},
	author = {Hill, Steven},
	editor = {Grozelier, Anne-Marie and Hacker, Björn and Kowalsky, Wolfgang and Meyer, Henning and Unger, Brigitte},
	date = {2013}
}



@incollection{segers_konstruktion_1999,
	location = {Frankfurt},
	edition = {1. Aufl},
	title = {Die Konstruktion Europas. Überlegungen zum Problem der Kultur in Europa},
	isbn = {3518289306},
	series = {Suhrkamp Taschenbuch Wissenschaft},
	number = {1330},
	booktitle = {Kultur, Identität, Europa: über die Schwierigkeiten und Möglichkeiten einer Konstruktion},
	publisher = {Suhrkamp},
	author = {Segers, Rien T. and Viehoff, Reinhold},
	editor = {Viehoff, Reinhold and Segers, Rien T.},
	date = {1999},
	keywords = {1945-, Civilization, Ethnicity, Europe, European Union, Nationalism}
}

@incollection{eder_integration_1999,
	location = {Frankfurt},
	edition = {1. Aufl},
	title = {Integration durch Kultur? Das Paradox der Suche nach einer europäischen Identität},
	isbn = {3518289306},
	series = {Suhrkamp Taschenbuch Wissenschaft},
	number = {1330},
	booktitle = {Kultur, Identität, Europa: über die Schwierigkeiten und Möglichkeiten einer Konstruktion},
	publisher = {Suhrkamp},
	author = {Eder, Klaus},
	editor = {Viehoff, Reinhold and Segers, Rien T.},
	date = {1999},
	keywords = {1945-, Civilization, Ethnicity, Europe, European Union, Nationalism}
}
